<?xml version="1.0" encoding="UTF-8"?><collection xmlns="http://www.loc.gov/MARC21/slim"><record><leader>00425nam--2200157-i-4500</leader><controlfield tag="001">000014288</controlfield><controlfield tag="002">20161230</controlfield><controlfield tag="005">20170107004928</controlfield><controlfield tag="008">060222s1000------------r-----000-0-eng-d</controlfield><datafield ind1=" " ind2=" " tag="100"><subfield code="a">Cojocaru, George</subfield></datafield><datafield ind1=" " ind2=" " tag="245"><subfield code="a">Manipulatoare, roboti si aplicatiile lor indus triale</subfield></datafield><datafield ind1=" " ind2=" " tag="260"><subfield code="a">Timisoara</subfield><subfield code="b">Editura Facla</subfield><subfield code="c">1982</subfield></datafield><datafield ind1=" " ind2=" " tag="300"><subfield code="a">309 p.+fig</subfield></datafield><datafield ind1=" " ind2=" " tag="700"><subfield code="a">Kovacs, Francisc</subfield></datafield><datafield ind1=" " ind2=" " tag="852"><subfield code="a">621:681.586</subfield></datafield><datafield ind1=" " ind2=" " tag="CAT"><subfield code="a">SYS</subfield><subfield code="c">20170107</subfield><subfield code="h">004928</subfield></datafield></record></collection>